@article{hopfiledArticle,
    author = "J. J. Hopfield",
    title = "{Neural networks and physical systems with emergent collective computational abilities}.",
    journal = "Proceedings of the National Academy of Sciences of the USA",
    year = "1982",
    keywords = "hopfield,neural networks"
}

@book{introductionNeural,
    title = {An introduction to neural networks},
    author = {Raul Rojas},
    isbn = {978-3540605058},
    year = {1996},
    publisher = {En Springer},
    keywords = {neural networks}
}

@book{raulResource,
    title = {Neural Networks - A Systematic Introduction},
    author = {Kevin Gurney},
    isbn = {1857285034},
    year = {1997},
    publisher = {CRC Press},
    keywords = {neural networks}
}
 
@online{aliceResource,
    author = "Alice Julien-Laferreire",
    title = "Hopfield Network",
    url  = "http://perso.ens-lyon.fr/eric.thierry/Graphes2010/alice-julien-laferriere.pdf",
    addendum = "(accessed: 09.09.2018)",
    keywords = "hopfield,neural networks"
}

@online{redHopField,
    title = "La red de Hopfield",
    url  = "https://web.archive.org/web/20100128050308/http://www.redes-neuronales.netfirms.com/tutorial-redes-neuronales/red-de-hopfield.htm",
    addendum = "(accessed: 09.09.2018)",
    keywords = "hopfield,neural networks"
}